@article{dzhezyan2021symmetrical,
  title={Symmetrical filters in convolutional neural networks},
  author={Dzhezyan, Gregory and Cecotti, Hubert},
  journal={International Journal of Machine Learning and Cybernetics},
  volume={12},
  number={7},
  pages={2027--2039},
  year={2021},
  publisher={Springer}
}
@article{schutt2017schnet,
  title={Schnet: A continuous-filter convolutional neural network for modeling quantum interactions},
  author={Sch{\"u}tt, Kristof and Kindermans, Pieter-Jan and Sauceda Felix, Huziel Enoc and Chmiela, Stefan and Tkatchenko, Alexandre and M{\"u}ller, Klaus-Robert},
  journal={Advances in neural information processing systems},
  volume={30},
  year={2017}
}
@article{xu2016evaluation,
  title={Evaluation of six registration methods for the human abdomen on clinically acquired CT},
  author={Xu, Zhoubing and Lee, Christopher P and Heinrich, Mattias P and Modat, Marc and Rueckert, Daniel and Ourselin, Sebastien and Abramson, Richard G and Landman, Bennett A},
  journal={IEEE Transactions on Biomedical Engineering},
  volume={63},
  number={8},
  pages={1563--1572},
  year={2016},
  publisher={IEEE}
}
@article{hering2021learn2reg,
  title={Learn2Reg: comprehensive multi-task medical image registration challenge, dataset and evaluation in the era of deep learning},
  author={Hering, Alessa and Hansen, Lasse and Mok, Tony CW and Chung, Albert and Siebert, Hanna and H{\"a}ger, Stephanie and Lange, Annkristin and Kuckertz, Sven and Heldmann, Stefan and Shao, Wei and others},
  journal={arXiv preprint arXiv:2112.04489},
  year={2021}
}
@article{zhang2021medq,
  title={MedQ: Lossless ultra-low-bit neural network quantization for medical image segmentation},
  author={Zhang, Rongzhao and Chung, Albert CS},
  journal={Medical Image Analysis},
  volume={73},
  pages={102200},
  year={2021},
  publisher={Elsevier}
}
@inproceedings{dieleman2016exploiting,
  title={Exploiting cyclic symmetry in convolutional neural networks},
  author={Dieleman, Sander and De Fauw, Jeffrey and Kavukcuoglu, Koray},
  booktitle={International conference on machine learning},
  pages={1889--1898},
  year={2016},
  organization={PMLR}
}
@article{antonelli2021medical,
  title={The medical segmentation decathlon},
  author={Antonelli, Michela and Reinke, Annika and Bakas, Spyridon and Farahani, Keyvan and Landman, Bennett A and Litjens, Geert and Menze, Bjoern and Ronneberger, Olaf and Summers, Ronald M and van Ginneken, Bram and others},
  journal={arXiv preprint arXiv:2106.05735},
  year={2021}
}
@inproceedings{ronneberger2015u,
  title={U-net: Convolutional networks for biomedical image segmentation},
  author={Ronneberger, Olaf and Fischer, Philipp and Brox, Thomas},
  booktitle={International Conference on Medical image computing and computer-assisted intervention},
  pages={234--241},
  year={2015},
  organization={Springer}
}
@article{wang2019dynamic,
  title={Dynamic graph cnn for learning on point clouds},
  author={Wang, Yue and Sun, Yongbin and Liu, Ziwei and Sarma, Sanjay E and Bronstein, Michael M and Solomon, Justin M},
  journal={Acm Transactions On Graphics (tog)},
  volume={38},
  number={5},
  pages={1--12},
  year={2019},
  publisher={ACM New York, NY, USA}
}
@article{weiler20183d,
  title={3d steerable cnns: Learning rotationally equivariant features in volumetric data},
  author={Weiler, Maurice and Geiger, Mario and Welling, Max and Boomsma, Wouter and Cohen, Taco S},
  journal={Advances in Neural Information Processing Systems},
  volume={31},
  year={2018}
}
@article{bronstein2017geometric,
  title={Geometric deep learning: going beyond euclidean data},
  author={Bronstein, Michael M and Bruna, Joan and LeCun, Yann and Szlam, Arthur and Vandergheynst, Pierre},
  journal={IEEE Signal Processing Magazine},
  volume={34},
  number={4},
  pages={18--42},
  year={2017},
  publisher={IEEE}
}
@inproceedings{jaderberg2014speeding,
  title={Speeding up Convolutional Neural Networks with Low Rank Expansions},
  author={Jaderberg, Max and Vedaldi, Andrea and Zisserman, Andrew},
  booktitle={Proceedings of the British Machine Vision Conference. BMVA Press},
  year={2014}
}
@inproceedings{cohen2016group,
  title={Group equivariant convolutional networks},
  author={Cohen, Taco and Welling, Max},
  booktitle={International conference on machine learning},
  pages={2990--2999},
  year={2016},
  organization={PMLR}
}
@article{isensee2021nnu,
  title={nnU-Net: a self-configuring method for deep learning-based biomedical image segmentation},
  author={Isensee, Fabian and Jaeger, Paul F and Kohl, Simon AA and Petersen, Jens and Maier-Hein, Klaus H},
  journal={Nature methods},
  volume={18},
  number={2},
  pages={203--211},
  year={2021},
  publisher={Nature Publishing Group}
}
@inproceedings{marcos2016learning,
  title={Learning rotation invariant convolutional filters for texture classification},
  author={Marcos, Diego and Volpi, Michele and Tuia, Devis},
  booktitle={2016 23rd International Conference on Pattern Recognition (ICPR)},
  pages={2012--2017},
  year={2016},
  organization={IEEE}
}

@inproceedings{bekkers2018roto,
  title={Roto-translation covariant convolutional networks for medical image analysis},
  author={Bekkers, Erik J and Lafarge, Maxime W and Veta, Mitko and Eppenhof, Koen AJ and Pluim, Josien PW and Duits, Remco},
  booktitle={International conference on medical image computing and computer-assisted intervention},
  pages={440--448},
  year={2018},
  organization={Springer}
}
@inproceedings{qi2017pointnet,
  title={Pointnet: Deep learning on point sets for 3d classification and segmentation},
  author={Qi, Charles R and Su, Hao and Mo, Kaichun and Guibas, Leonidas J},
  booktitle={Proceedings of the IEEE conference on computer vision and pattern recognition},
  pages={652--660},
  year={2017}
}
@article{atwood2016diffusion,
  title={Diffusion-convolutional neural networks},
  author={Atwood, James and Towsley, Don},
  journal={Advances in neural information processing systems},
  volume={29},
  year={2016}
}
@inproceedings{howard2019searching,
  title={Searching for mobilenetv3},
  author={Howard, Andrew and Sandler, Mark and Chu, Grace and Chen, Liang-Chieh and Chen, Bo and Tan, Mingxing and Wang, Weijun and Zhu, Yukun and Pang, Ruoming and Vasudevan, Vijay and others},
  booktitle={Proceedings of the IEEE/CVF International Conference on Computer Vision},
  pages={1314--1324},
  year={2019}
}
@article{qi2017pointnet++,
  title={Pointnet++: Deep hierarchical feature learning on point sets in a metric space},
  author={Qi, Charles Ruizhongtai and Yi, Li and Su, Hao and Guibas, Leonidas J},
  journal={Advances in neural information processing systems},
  volume={30},
  year={2017}
}
@inproceedings{velivckovic2018graph,
  title={Graph Attention Networks},
  author={Veli{\v{c}}kovi{\'c}, Petar and Cucurull, Guillem and Casanova, Arantxa and Romero, Adriana and Li{\`o}, Pietro and Bengio, Yoshua},
  booktitle={International Conference on Learning Representations},
  year={2018}
}

@article{liu2019point,
  title={Point-voxel cnn for efficient 3d deep learning},
  author={Liu, Zhijian and Tang, Haotian and Lin, Yujun and Han, Song},
  journal={Advances in Neural Information Processing Systems},
  volume={32},
  year={2019}
}

@inproceedings{garcia2019joint,
  title={A joint 3D UNet-graph neural network-based method for airway segmentation from chest CTs},
  author={Garcia-Uceda Juarez, Antonio and Selvan, Raghavendra and Saghir, Zaigham and Bruijne, Marleen de},
  booktitle={International workshop on machine learning in medical imaging},
  pages={583--591},
  year={2019},
  organization={Springer}
}

@article{zhuang2019evaluation,
  title={Evaluation of algorithms for multi-modality whole heart segmentation: an open-access grand challenge},
  author={Zhuang, Xiahai and Li, Lei and Payer, Christian and {\v{S}}tern, Darko and Urschler, Martin and Heinrich, Mattias P and Oster, Julien and Wang, Chunliang and Smedby, {\"O}rjan and Bian, Cheng and others},
  journal={Medical image analysis},
  volume={58},
  pages={101537},
  year={2019},
  publisher={Elsevier}
}