@article{artaechevarria2009combination,
  title={Combination strategies in multi-atlas image segmentation: application to brain MR data},
  author={Artaechevarria, Xabier and Munoz-Barrutia, Arrate and Ortiz-de-Solorzano, Carlos},
  journal={IEEE transactions on medical imaging},
  volume={28},
  number={8},
  pages={1266--1277},
  year={2009},
  publisher={IEEE}
}
@inproceedings{bengio2009curriculum,
  title={Curriculum learning},
  author={Bengio, Yoshua and Louradour, J{\'e}r{\^o}me and Collobert, Ronan and Weston, Jason},
  booktitle={Proceedings of the 26th annual international conference on machine learning},
  pages={41--48},
  year={2009}
}
@article{bhalgat2018annotation,
  title={Annotation-cost minimization for medical image segmentation using suggestive mixed supervision fully convolutional networks},
  author={Bhalgat, Yash and Shah, Meet and Awate, Suyash},
  journal={arXiv preprint arXiv:1812.11302},
  year={2018}
}
@article{castells2020superloss,
  title={Superloss: A generic loss for robust curriculum learning},
  author={Castells, Thibault and Weinzaepfel, Philippe and Revaud, Jerome},
  journal={Advances in Neural Information Processing Systems},
  volume={33},
  pages={4308--4319},
  year={2020}
}
@inproceedings{ding2019votenet,
  title={Votenet: A deep learning label fusion method for multi-atlas segmentation},
  author={Ding, Zhipeng and Han, Xu and Niethammer, Marc},
  booktitle={International Conference on Medical Image Computing and Computer-Assisted Intervention},
  pages={202--210},
  year={2019},
  organization={Springer}
}
@inproceedings{ding2020votenet+,
  title={Votenet+: An improved deep learning label fusion method for multi-atlas segmentation},
  author={Ding, Zhipeng and Han, Xu and Niethammer, Marc},
  booktitle={2020 IEEE 17th International Symposium on Biomedical Imaging (ISBI)},
  pages={363--367},
  year={2020},
  organization={IEEE}
}
@article{heckemann2006automatic,
  title={Automatic anatomical brain MRI segmentation combining label propagation and decision fusion},
  author={Heckemann, Rolf A and Hajnal, Joseph V and Aljabar, Paul and Rueckert, Daniel and Hammers, Alexander},
  journal={NeuroImage},
  volume={33},
  number={1},
  pages={115--126},
  year={2006},
  publisher={Elsevier}
}
@inproceedings{heinrich2012globally,
  title={Globally optimal deformable registration on a minimum spanning tree using dense displacement sampling},
  author={Heinrich, Mattias P and Jenkinson, Mark and Brady, Sir Michael and Schnabel, Julia A},
  booktitle={International Conference on Medical Image Computing and Computer-Assisted Intervention},
  pages={115--122},
  year={2012},
  organization={Springer}
}
@inproceedings{howard2019searching,
  title={Searching for mobilenetv3},
  author={Howard, Andrew and Sandler, Mark and Chu, Grace and Chen, Liang-Chieh and Chen, Bo and Tan, Mingxing and Wang, Weijun and Zhu, Yukun and Pang, Ruoming and Vasudevan, Vijay and others},
  booktitle={Proceedings of the IEEE/CVF International Conference on Computer Vision},
  pages={1314--1324},
  year={2019}
}
@article{isensee2021nnu,
  title={nnU-Net: a self-configuring method for deep learning-based biomedical image segmentation},
  author={Isensee, Fabian and Jaeger, Paul F and Kohl, Simon AA and Petersen, Jens and Maier-Hein, Klaus H},
  journal={Nature methods},
  volume={18},
  number={2},
  pages={203--211},
  year={2021},
  publisher={Nature Publishing Group}
}
@inproceedings{jiang2018mentornet,
  title={Mentornet: Learning data-driven curriculum for very deep neural networks on corrupted labels},
  author={Jiang, Lu and Zhou, Zhengyuan and Leung, Thomas and Li, Li-Jia and Fei-Fei, Li},
  booktitle={International Conference on Machine Learning},
  pages={2304--2313},
  year={2018},
  organization={PMLR}
}
@article{karimi2020deep,
  title={Deep learning with noisy labels: Exploring techniques and remedies in medical image analysis},
  author={Karimi, Davood and Dou, Haoran and Warfield, Simon K and Gholipour, Ali},
  journal={Medical Image Analysis},
  volume={65},
  pages={101759},
  year={2020},
  publisher={Elsevier}
}
@article{kohl2018probabilistic,
  title={A probabilistic u-net for segmentation of ambiguous images},
  author={Kohl, Simon and Romera-Paredes, Bernardino and Meyer, Clemens and De Fauw, Jeffrey and Ledsam, Joseph R and Maier-Hein, Klaus and Eslami, SM and Jimenez Rezende, Danilo and Ronneberger, Olaf},
  journal={Advances in neural information processing systems},
  volume={31},
  year={2018}
}
@inproceedings{li2021superpixel,
  title={Superpixel-Guided Iterative Learning from Noisy Labels for Medical Image Segmentation},
  author={Li, Shuailin and Gao, Zhitong and He, Xuming},
  booktitle={International Conference on Medical Image Computing and Computer-Assisted Intervention},
  pages={525--535},
  year={2021},
  organization={Springer}
}
@article{liu2021review,
  title={A review of deep-learning-based medical image segmentation methods},
  author={Liu, Xiangbin and Song, Liping and Liu, Shuai and Zhang, Yudong},
  journal={Sustainability},
  volume={13},
  number={3},
  pages={1224},
  year={2021},
  publisher={Multidisciplinary Digital Publishing Institute}
}
@inproceedings{liu2021style,
  title={Style Curriculum Learning for Robust Medical Image Segmentation},
  author={Liu, Zhendong and Manh, Van and Yang, Xin and Huang, Xiaoqiong and Lekadir, Karim and Campello, V{\'\i}ctor and Ravikumar, Nishant and Frangi, Alejandro F and Ni, Dong},
  booktitle={International Conference on Medical Image Computing and Computer-Assisted Intervention},
  pages={451--460},
  year={2021},
  organization={Springer}
}
@article{loshchilov2016sgdr,
  title={Sgdr: Stochastic gradient descent with warm restarts},
  author={Loshchilov, Ilya and Hutter, Frank},
  journal={arXiv preprint arXiv:1608.03983},
  year={2016}
}
@article{loshchilov2017decoupled,
  title={Decoupled weight decay regularization},
  author={Loshchilov, Ilya and Hutter, Frank},
  journal={arXiv preprint arXiv:1711.05101},
  year={2017}
}
@inproceedings{marstal2016simpleelastix,
  title={SimpleElastix: A user-friendly, multi-lingual library for medical image registration},
  author={Marstal, Kasper and Berendsen, Floris and Staring, Marius and Klein, Stefan},
  booktitle={Proceedings of the IEEE conference on computer vision and pattern recognition workshops},
  pages={134--142},
  year={2016}
}
@article{rohlfing2004performance,
  title={Performance-based classifier combination in atlas-based image segmentation using expectation-maximization parameter estimation},
  author={Rohlfing, Torsten and Russakoff, Daniel B and Maurer, Calvin R},
  journal={IEEE transactions on medical imaging},
  volume={23},
  number={8},
  pages={983--994},
  year={2004},
  publisher={IEEE}
}
@inproceedings{ronneberger2015u,
  title={U-net: Convolutional networks for biomedical image segmentation},
  author={Ronneberger, Olaf and Fischer, Philipp and Brox, Thomas},
  booktitle={International Conference on Medical image computing and computer-assisted intervention},
  pages={234--241},
  year={2015},
  organization={Springer}
}
@inproceedings{sandler2018mobilenetv2,
  title={Mobilenetv2: Inverted residuals and linear bottlenecks},
  author={Sandler, Mark and Howard, Andrew and Zhu, Menglong and Zhmoginov, Andrey and Chen, Liang-Chieh},
  booktitle={Proceedings of the IEEE conference on computer vision and pattern recognition},
  pages={4510--4520},
  year={2018}
}
@article{saxena2019data,
  title={Data parameters: A new family of parameters for learning a differentiable curriculum},
  author={Saxena, Shreyas and Tuzel, Oncel and DeCoste, Dennis},
  journal={Advances in Neural Information Processing Systems},
  volume={32},
  year={2019}
}
@article{shapey2021segmentation,
  title={Segmentation of Vestibular Schwannoma from Magnetic Resonance Imaging: An Open Annotated Dataset and Baseline Algorithm},
  author={Shapey, J and Kujawa, A and Dorent, R and Wang, G and Bisdas, S and Dimitriadis, A and Grishchuck, D and Paddick, I and Kitchen, N and Bradford, R and others},
  journal={The Cancer Imaging Archive},
  year={2021}
}
@article{siebert2021fast,
  title={Fast 3D registration with accurate optimisation and little learning for Learn2Reg 2021},
  author={Siebert, Hanna and Hansen, Lasse and Heinrich, Mattias P},
  journal={arXiv preprint arXiv:2112.03053},
  year={2021}
}
@article{wang2013multi,
  title={Multi-atlas segmentation with joint label fusion and corrective learningâ€”an open source implementation},
  author={Wang, Hongzhi and Yushkevich, Paul},
  journal={Frontiers in neuroinformatics},
  volume={7},
  pages={27},
  year={2013},
  publisher={Frontiers}
}
@article{warfield2004simultaneous,
  title={Simultaneous truth and performance level estimation (STAPLE): an algorithm for the validation of image segmentation},
  author={Warfield, Simon K and Zou, Kelly H and Wells, William M},
  journal={IEEE transactions on medical imaging},
  volume={23},
  number={7},
  pages={903--921},
  year={2004},
  publisher={IEEE}
}
@inproceedings{xie2021deep,
  title={Deep Label Fusion: A 3D End-To-End Hybrid Multi-atlas Segmentation and Deep Learning Pipeline},
  author={Xie, Long and Wisse, Laura EM and Wang, Jiancong and Ravikumar, Sadhana and Glenn, Trevor and Luther, Anica and Lim, Sydney and Wolk, David A and Yushkevich, Paul A},
  booktitle={International Conference on Information Processing in Medical Imaging},
  pages={428--439},
  year={2021},
  organization={Springer}
}
@article{xu2016evaluation,
  title={Evaluation of six registration methods for the human abdomen on clinically acquired CT},
  author={Xu, Zhoubing and Lee, Christopher P and Heinrich, Mattias P and Modat, Marc and Rueckert, Daniel and Ourselin, Sebastien and Abramson, Richard G and Landman, Bennett A},
  journal={IEEE Transactions on Biomedical Engineering},
  volume={63},
  number={8},
  pages={1563--1572},
  year={2016},
  publisher={IEEE}
}
@inproceedings{yan2019domain,
  title={The domain shift problem of medical image segmentation and vendor-adaptation by Unet-GAN},
  author={Yan, Wenjun and Wang, Yuanyuan and Gu, Shengjia and Huang, Lu and Yan, Fuhua and Xia, Liming and Tao, Qian},
  booktitle={International Conference on Medical Image Computing and Computer-Assisted Intervention},
  pages={623--631},
  year={2019},
  organization={Springer}
}
@inproceedings{zhang2020distilling,
  title={Distilling effective supervision from severe label noise},
  author={Zhang, Zizhao and Zhang, Han and Arik, Sercan O and Lee, Honglak and Pfister, Tomas},
  booktitle={Proceedings of the IEEE/CVF Conference on Computer Vision and Pattern Recognition},
  pages={9294--9303},
  year={2020}
}
@inproceedings{zhu2017unpaired,
  title={Unpaired image-to-image translation using cycle-consistent adversarial networks},
  author={Zhu, Jun-Yan and Park, Taesung and Isola, Phillip and Efros, Alexei A},
  booktitle={Proceedings of the IEEE international conference on computer vision},
  pages={2223--2232},
  year={2017}
}
@inproceedings{hempe2022opportunistic,
  author={Hellena Hempe and Eren B. Yilmaz and Carsten Meyer and Mattias P. Heinrich},
  title={Opportunistic CT screening for degenerative deformities and
  osteoporotic fractures with 3D DeepLab},
  booktitle={Medical Imaging 2022: Image Processing},
  publisher={SPIE},
  year={2022},
}
