@inproceedings{weihsbach2023acquisitionfocus,
  title={AcquisitionFocus: Slicing optimization for fast cardiac MRI},
  author={Weihsbach, C and Vogt, N and Hemidi, ZA and Bigalke, A and Hansen, L and Heinrich, M},
  booktitle={27th Conference on Medical Image Understanding and Analysis 2023},
  pages={70},
  date={2023}
}