@inproceedings{hemidi2023masked,
  title={Masked autofocusing: CNN enabled targeted motion estimation and correction in MRI scans},
  author={Hemidi, ZA and Weihsbach, C and Heinrich, MP},
  booktitle={27th Conference on Medical Image Understanding and Analysis 2023},
  pages={49},
  date={2023}
}