@article{weihsbach2024acquisitionfocus,
  title={AcquisitionFocus: Joint Optimization of Acquisition Orientation and Cardiac Volume Reconstruction Using Deep Learning},
  author={Weihsbach, Christian and Vogt, Nora and Al-Haj Hemidi, Ziad and Bigalke, Alexander and Hansen, Lasse and Oster, Julien and Heinrich, Mattias P},
  journal={Sensors},
  volume={24},
  number={7},
  pages={2296},
  year={2024},
  publisher={MDPI}
}