@article{weihsbach2023dg,
  title={DG-TTA: Out-of-domain medical image segmentation through Domain Generalization and Test-Time Adaptation},
  author={Weihsbach, Christian and Kruse, Christian N and Bigalke, Alexander and Heinrich, Mattias P},
  journal={arXiv preprint arXiv:2312.06275},
  year={2023}
}