@inproceedings{weihsbach2022deepstaple,
  title={DeepSTAPLE: Learning to predict multimodal registration quality for unsupervised domain adaptation},
  author={Weihsbach, Christian and Bigalke, Alexander and Kruse, Christian N and Hempe, Hellena and Heinrich, Mattias P},
  booktitle={International Workshop on Biomedical Image Registration},
  pages={37--46},
  year={2022},
  organization={Springer}
}

@inproceedings{weihsbach2022xedgeconv,
  title={XEdgeConv: Leveraging graph convolutions for efficient, permutation-and rotation-invariant dense 3D medical image segmentation},
  author={Weihsbach, Christian and Hansen, Lasse and Heinrich, Mattias},
  booktitle={Geometric Deep Learning in Medical Image Analysis},
  pages={61--71},
  year={2022},
  organization={PMLR}
}