@inproceedings{al2023cinejense,
  title={CineJENSE: Simultaneous Cine MRI Image Reconstruction and Sensitivity Map Estimation Using Neural Representations},
  author={Al-Haj Hemidi, Ziad and Vogt, Nora and Quillien, Lucile and Weihsbach, Christian and Heinrich, Mattias P and Oster, Julien},
  booktitle={International Workshop on Statistical Atlases and Computational Models of the Heart},
  pages={467--478},
  year={2023},
  organization={Springer}
}