@Preamble{ " \newcommand{\noop}[1]{} " }

@InProceedings{Alldieck17,
  author    = "Alldieck, Thiemo
              and Kassubeck, Marc
              and Wandt, Bastian
              and Rosenhahn, Bodo
              and Magnor, Marcus",
  editor    = "Roth, Volker
              and Vetter, Thomas",
  title     = "Optical Flow-Based 3D Human Motion Estimation from Monocular Video",
  booktitle = "Pattern Recognition",
  year      = "2017",
  publisher = "Springer International Publishing",
  address   = "Cham",
  pages     = "347--360"
}

@misc{Ao20,
  title     = {SpinNet: Learning a General Surface Descriptor for 3D Point Cloud Registration},
  author    = {Ao, Sheng and Hu, Qingyong and Yang, Bo and Markham, Andrew and Guo, Yulan},
  booktitle = {Proceedings of the IEEE/CVF Conference on Computer Vision and Pattern Recognition},
  year      = {2021}
}

@misc{Apple,
  title = {iPhone User Guide},
  author = {{Apple Inc}},
  year = {2024},
  howpublished = {\url{https://support.apple.com/en-bw/guide/iphone/iphaa0b5671d/ios}},
  note = {Accessed: 2024-01-04}
}

@misc{Arko22,
  title         = {Bootstrapping Human Optical Flow and Pose}, 
  author        = {Aritro Roy Arko and James J. Little and Kwang Moo Yi},
  year          = {2022},
  eprint        = {2210.15121},
  archivePrefix = {arXiv},
  primaryClass  = {cs.CV}
}

@article{Barsoum16,
  author       = {Emad Barsoum},
  title        = {Articulated Hand Pose Estimation Review},
  journal      = {CoRR},
  volume       = {abs/1604.06195},
  year         = {2016},
  url          = {http://arxiv.org/abs/1604.06195},
  eprinttype   = {arXiv}
}

@article{Battrawy19,
  author    = {Ramy Battrawy and
               Ren{\'{e}} Schuster and
               Oliver Wasenm{\"{u}}ller and
               Qing Rao and
               Didier Stricker},
  title     = {LiDAR-Flow: Dense Scene Flow Estimation from Sparse LiDAR and Stereo
               Images},
  journal   = {CoRR},
  volume    = {abs/1910.14453},
  year      = {2019},
  url       = {http://arxiv.org/abs/1910.14453},
  eprinttype = {arXiv},
  eprint    = {1910.14453}
}

@article{Behl18,
  author    = {Aseem Behl and
               Despoina Paschalidou and
               Simon Donn{\'{e}} and
               Andreas Geiger},
  title     = {PointFlowNet: Learning Representations for 3D Scene Flow Estimation
               from Point Clouds},
  journal   = {CoRR},
  volume    = {abs/1806.02170},
  year      = {2018},
  eprinttype = {arXiv},
  eprint    = {1806.02170}
}

@ARTICLE{Besl92,
  author={Besl, P.J. and McKay, Neil D.},
  journal={IEEE Transactions on Pattern Analysis and Machine Intelligence}, 
  title={A method for registration of 3-D shapes}, 
  year={1992},
  volume={14},
  number={2},
  pages={239-256},
  doi={10.1109/34.121791}
}

@inproceedings{Bhatnagar20,
    title = {LoopReg: Self-supervised Learning of Implicit Surface Correspondences, Pose and Shape for 3D Human Mesh Registration},
    author = {Bhatnagar, Bharat Lal and Sminchisescu, Cristian and Theobalt, Christian and Pons-Moll, Gerard},
    booktitle = {Neural Information Processing Systems (NeurIPS)},
    month = {December},
    year = {2020}
}

@INPROCEEDINGS{Bigalke21,
  author={Bigalke, Alexander and Heinrich, Mattias P.},
  booktitle={2021 International Conference on 3D Vision (3DV)}, 
  title={Fusing Posture and Position Representations for Point Cloud-Based Hand Gesture Recognition}, 
  year={2021},
  volume={},
  number={},
  pages={617-626},
  doi={10.1109/3DV53792.2021.00071}
}

% dfaust
@inproceedings{Bogo17,
  title = {Dynamic {FAUST}: {R}egistering Human Bodies in Motion},
  author = {Bogo, Federica and Romero, Javier and Pons-Moll, Gerard and Black, Michael J.},
  booktitle = {IEEE Conf. on Computer Vision and Pattern Recognition (CVPR)},
  month = {jul},
  year = {2017},
  month_numeric = {7}
}

@article{Bowman02,
  author = {Bowman, Doug},
  year   = {2002},
  month  = {01},
  pages  = {},
  title  = {Chapter 15 – Principles for the Design of Performance-oriented Interaction Techniques}
}

@article{Bronstein16,
  	author    = {Michael M. Bronstein and
               Joan Bruna and
               Yann LeCun and
               Arthur Szlam and
               Pierre Vandergheynst},
  	title     = {Geometric deep learning: going beyond Euclidean data},
  	journal   = {CoRR},
  	year      = {2016},
  	eprint    = {1611.08097},
  	biburl    = {https://dblp.org/rec/journals/corr/BronsteinBLSV16.bib},
  	bibsource = {dblp computer science bibliography, https://dblp.org}
}

@article{Bronstein21,
  author       = {Michael M. Bronstein and
                  Joan Bruna and
                  Taco Cohen and
                  Petar Velickovic},
  title        = {Geometric Deep Learning: Grids, Groups, Graphs, Geodesics, and Gauges},
  journal      = {CoRR},
  volume       = {abs/2104.13478},
  year         = {2021},
  url          = {https://arxiv.org/abs/2104.13478},
  eprinttype    = {arXiv},
  eprint       = {2104.13478},
}

@inproceedings{Buchmann04,
 author    = {Buchmann, Volkert and Violich, Stephen and Billinghurst, Mark and Cockburn, Andy},
 title     = {FingARtips: Gesture Based Direct Manipulation in Augmented Reality},
 year      = {2004},
 isbn      = {1581138830},
 publisher = {Association for Computing Machinery}, 
 address   = {New York, NY, USA}, 
 url       = {https://doi.org/10.1145/988834.988871}, 
 doi       = {10.1145/988834.988871},
 booktitle = {Proceedings of the 2nd International Conference on Computer Graphics and Interactive Techniques in Australasia and South East Asia},
 pages     = {212–221}, 
 numpages  = {10}, 
 location  = {Singapore}, 
 series    = {GRAPHITE '04} 
}

@article{Buckingham21,
  title     = {Hand tracking for immersive virtual reality: opportunities and challenges},
  author    = {Buckingham, Gavin},
  journal   = {Frontiers in Virtual Reality},
  volume    = {2},
  pages     = {728461},
  year      = {2021},
  publisher = {Frontiers}
}

@INPROCEEDINGS{Cai19,
  author    = {Cai, Yujun and Ge, Liuhao and Liu, Jun and Cai, Jianfei and Cham, Tat-Jen and Yuan, Junsong and Thalmann, Nadia Magnenat},
  booktitle = {2019 IEEE/CVF International Conference on Computer Vision (ICCV)}, 
  title     = {Exploiting Spatial-Temporal Relationships for 3D Pose Estimation via Graph Convolutional Networks}, 
  year      = {2019},
  volume    = {},
  number    = {},
  pages     = {2272-2281},
  doi       = {10.1109/ICCV.2019.00236}
}

@Article{Chatzis20,
	author 			= {Chatzis, Theocharis and Stergioulas, Andreas and Konstantinidis, Dimitrios and Dimitropoulos, Kosmas and Daras, Petros},
	title 			= {A comprehensive study on deep learning-based 3D hand pose estimation methods},
	journal 		= {Applied Sciences},
	volume 			= {10},
	year 			= {2020},
	number 			= {19},
	article-number 	= {6850},
	issn 			= {2076-3417},
	doi				= {10.3390/app10196850},
	publisher       = {MDPI}
}

@article{Chen18,
  title={Pose Guided Structured Region Ensemble Network for Cascaded Hand Pose Estimation},
  author={Chen, Xinghao and Wang, Guijin and Guo, Hengkai and Zhang, Cairong},
  journal={Neurocomputing},
  doi={https://doi.org/10.1016/j.neucom.2018.06.097},
  year={2018}
}

@article{Chen19,
title = {High-accuracy multi-camera reconstruction enhanced by adaptive point cloud correction algorithm},
journal = {Optics and Lasers in Engineering},
volume = {122},
pages = {170-183},
year = {2019},
issn = {0143-8166},
doi = {https://doi.org/10.1016/j.optlaseng.2019.06.011},
url = {https://www.sciencedirect.com/science/article/pii/S0143816619305366},
author = {Mingyou Chen and Yunchao Tang and Xiangjun Zou and Kuangyu Huang and Lijuan Li and Yuxin He},
}

@inproceedings{Chen19_2,
  author    = {Chen, Yuxiao and Zhao, Long and Peng, Xi and Yuan, Jianbo and Metaxas, Dimitris N.},
  title     = {Construct Dynamic Graphs for Hand Gesture Recognition via Spatial-Temporal Attention},
  booktitle = {BMVC},
  year      = {2019}
}

@ARTICLE{Chen20,
  author={Chen, Xinghao and Wang, Guijin and Zhang, Cairong and Kim, Tae-Kyun and Ji, Xiangyang},
  journal={IEEE Access}, 
  title={SHPR-Net: Deep Semantic Hand Pose Regression From Point Clouds}, 
  year={2018},
  volume={6},
  number={},
  pages={43425-43439},
  doi={10.1109/ACCESS.2018.2863540}}

@article{Chen22,
  title   = {Tracking and Reconstructing Hand Object Interactions from Point Cloud Sequences in the Wild},
  author  = {Chen, Jiayi and Yan, Mi and Zhang, Jiazhao and Xu, Yinzhen and Li, Xiaolong and Weng, Yijia and Yi, Li and Song, Shuran and Wang, He},
  journal = {arXiv preprint arXiv:2209.12009},
  year    = {2022}
}

@INPROCEEDINGS{Cheng20,
  author={Cheng, Ke and Zhang, Yifan and He, Xiangyu and Chen, Weihan and Cheng, Jian and Lu, Hanqing},
  booktitle={2020 IEEE/CVF Conference on Computer Vision and Pattern Recognition (CVPR)}, 
  title={Skeleton-Based Action Recognition With Shift Graph Convolutional Network}, 
  year={2020},
  volume={},
  number={},
  pages={180-189},
  doi={10.1109/CVPR42600.2020.00026}
}

@misc{Chizat16,
  doi = {10.48550/ARXIV.1607.05816},
  author = {Chizat, Lenaic and Peyré, Gabriel and Schmitzer, Bernhard and Vialard, François-Xavier},
  keywords = {Optimization and Control (math.OC), FOS: Mathematics, FOS: Mathematics, 65K10},
  title = {Scaling Algorithms for Unbalanced Transport Problems},
  publisher = {arXiv},
  year = {2016},
  copyright = {arXiv.org perpetual, non-exclusive license}
}


@article{Cho14,
  author    = {Kyunghyun Cho and
               Bart van Merrienboer and
               {\c{C}}aglar G{\"{u}}l{\c{c}}ehre and
               Fethi Bougares and
               Holger Schwenk and
               Yoshua Bengio},
  title     = {Learning Phrase Representations using {RNN} Encoder-Decoder for Statistical
               Machine Translation},
  journal   = {CoRR},
  volume    = {abs/1406.1078},
  year      = {2014},
  url       = {http://arxiv.org/abs/1406.1078},
  eprinttype = {arXiv},
  eprint    = {1406.1078},
  timestamp = {Mon, 13 Aug 2018 16:46:44 +0200},
  biburl    = {https://dblp.org/rec/journals/corr/ChoMGBSB14.bib},
  bibsource = {dblp computer science bibliography, https://dblp.org}
}

@ARTICLE{Clough20,
  
AUTHOR={Clough, Sharice and Duff, Melissa C.},   
	 
TITLE={The Role of Gesture in Communication and Cognition: Implications for Understanding and Treating Neurogenic Communication Disorders},      
	
JOURNAL={Frontiers in Human Neuroscience},      
	
VOLUME={14},           
	
YEAR={2020},      
	  
URL={https://www.frontiersin.org/articles/10.3389/fnhum.2020.00323},       
	
DOI={10.3389/fnhum.2020.00323},      
	
ISSN={1662-5161}
}

@article{Corso20,
  	author    = {Gabriele Corso and
                 Luca Cavalleri and
                 Dominique Beaini and
                 Pietro Li{\`{o}} and
                 Petar Velickovic},
  	title     = {Principal neighbourhood aggregation for graph nets},
  	journal   = {CoRR},
  	volume    = {abs/2004.05718},
  	year      = {2020},
  	eprint    = {2004.05718},
  	biburl    = {https://dblp.org/rec/journals/corr/abs-2004-05718.bib},
 	bibsource = {dblp computer science bibliography, https://dblp.org}
}

@inproceedings{Cuturi13,
 author = {Cuturi, Marco},
 booktitle = {Advances in Neural Information Processing Systems},
 editor = {C.J. Burges and L. Bottou and M. Welling and Z. Ghahramani and K.Q. Weinberger},
 pages = {},
 publisher = {Curran Associates, Inc.},
 title = {Sinkhorn Distances: Lightspeed Computation of Optimal Transport},
 url = {https://proceedings.neurips.cc/paper/2013/file/af21d0c97db2e27e13572cbf59eb343d-Paper.pdf},
 volume = {26},
 year = {2013}
}

@article{Dai19,
  author       = {Zihang Dai and
                  Zhilin Yang and
                  Yiming Yang and
                  Jaime G. Carbonell and
                  Quoc V. Le and
                  Ruslan Salakhutdinov},
  title        = {Transformer-XL: Attentive Language Models Beyond a Fixed-Length Context},
  journal      = {CoRR},
  volume       = {abs/1901.02860},
  year         = {2019},
  url          = {http://arxiv.org/abs/1901.02860},
  eprinttype    = {arXiv},
  eprint       = {1901.02860},
}

@article{Deng22,
author = {Deng, Bailin and Yao, Yuxin and Dyke, Roberto M. and Zhang, Juyong},
title = {A Survey of Non-Rigid 3D Registration},
journal = {Computer Graphics Forum},
volume = {41},
number = {2},
pages = {559-589},
keywords = {CCS Concepts, • Computing methodologies → Shape modeling, Computer vision, Machine learning},
doi = {https://doi.org/10.1111/cgf.14502},
url = {https://onlinelibrary.wiley.com/doi/abs/10.1111/cgf.14502},
eprint = {https://onlinelibrary.wiley.com/doi/pdf/10.1111/cgf.14502},
year = {2022}
}

@inproceedings{Devlin19,
    title = "{BERT}: Pre-training of Deep Bidirectional Transformers for Language Understanding",
    author = "Devlin, Jacob  and
      Chang, Ming-Wei  and
      Lee, Kenton  and
      Toutanova, Kristina",
    booktitle = "Proceedings of the 2019 Conference of the North {A}merican Chapter of the Association for Computational Linguistics: Human Language Technologies, Volume 1 (Long and Short Papers)",
    month = "jun",
    year = "2019",
    address = "Minneapolis, Minnesota",
    publisher = "Association for Computational Linguistics",
    url = "https://aclanthology.org/N19-1423",
    doi = "10.18653/v1/N19-1423",
    pages = "4171--4186",
}

@misc{Dezgo,
  title = {Dezgo},
  author = {{Stable Diffusion AI}},
  year = {2023},
  howpublished = {\url{https://dezgo.com/txt2img}},
  note = {Accessed: 2023-11-29}
}

@misc{Dimensions,
  title = {Dimensions [Software]},
  author = {{Digital Science}},
  year = {2018},
  howpublished = {available from \url{https://app.dimensions.ai}},
  note = {Accessed: 2024-01-02, under licence agreement}
}

@InProceedings{Ding22,
  author = {Ding, Lihe and Dong, Shaocong and Xu, Tingfa and Xu, Xinli and Wang, Jie and Li, Jianan},
  editor = {Avidan, Shai and Brostow, Gabriel and Ciss{\'e}, Moustapha and Farinella, Giovanni Maria and Hassner, Tal},
  title = {FH-Net: A Fast Hierarchical Network for Scene Flow Estimation on Real-World Point Clouds},
  booktitle = {Computer Vision -- ECCV 2022},
  year = {2022},
  publisher = {Springer Nature Switzerland},
  address = {Cham},
  pages = {213--229}
}

@article{Du19,
	author 	= {Du, Kuo and Lin, Xiangbo and Sun, Yi and Ma, Xiaohong},
	doi 	= {10.1109/CVPR.2019.01013},
	isbn 	= {9781728132938},
	issn 	= {10636919},
	journal = {Proceedings of the IEEE Computer Society Conference on Computer Vision and Pattern Recognition},
	pages 	= {9888--9897},
	title 	= {{Crossinfonet: Multi-task information sharing based hand pose estimation}},
	volume 	= {2019-June},
	year 	= {2019}
}


@misc{Fan19,
  doi = {10.48550/ARXIV.1910.08287},
  url = {https://arxiv.org/abs/1910.08287},
  author = {Fan, Hehe and Yang, Yi},
  title = {PointRNN: Point Recurrent Neural Network for Moving Point Cloud Processing},
  publisher = {arXiv},
  year = {2019},  
  copyright = {arXiv.org perpetual, non-exclusive license}
}

@inproceedings{Feng21,
    author    = {Wanquan Feng and Juyong Zhang and Hongrui Cai and Haofei Xu and Junhui Hou and Hujun Bao},
    title     = {Recurrent Multi-view Alignment Network for Unsupervised Surface Registration},
    booktitle = {{IEEE/CVF} Conference on Computer Vision and Pattern Recognition (CVPR)},
    year      = {2021}
}

@inbook{Ge18,
	author 		= {Ge, Liuhao and Ren, Zhou and Yuan, Junsong},
	booktitle   = {Computer Vision -- ECCV 2018},
	year        = {2018},
	publisher   = {Springer International Publishing},
	pages		= {489--505},
	title 		= {{Point-to-point regression pointnet for 3D hand pose estimation}},
}

@InProceedings{Ge18_2,
author    = {Ge, Liuhao and Cai, Yujun and Weng, Junwu and Yuan, Junsong},
title     = {Hand PointNet: 3D Hand Pose Estimation Using Point Sets},
booktitle = {Proceedings of the IEEE Conference on Computer Vision and Pattern Recognition (CVPR)},
month     = {June},
year      = {2018}
}

@article{Gojcic21,
  author    = {Zan Gojcic and
               Or Litany and
               Andreas Wieser and
               Leonidas J. Guibas and
               Tolga Birdal},
  title     = {Weakly Supervised Learning of Rigid 3D Scene Flow},
  journal   = {CoRR},
  volume    = {abs/2102.08945},
  year      = {2021},
  eprinttype = {arXiv},
  eprint    = {2102.08945}
}

@book{Goodfellow16,
    title={Deep Learning},
    author={Ian Goodfellow and Yoshua Bengio and Aaron Courville},
    publisher={MIT Press},
    note={\url{http://www.deeplearningbook.org}},
    year={2016}
}

@article{Gu19,
  title={HPLFlowNet: Hierarchical Permutohedral Lattice FlowNet for
		 Scene Flow Estimation on Large-scale Point Clouds},
  author={Gu, Xiuye and Wang, Yijie and Wu, Chongruo and Lee, Yong Jae and Wang, Panqu},
  booktitle={Computer Vision and Pattern Recognition (CVPR), 2019 IEEE International Conference on},
  year={2019}
}

@inproceedings{Gu22,
  title={RCP: Recurrent Closest Point for Point Cloud},
  author={Gu, Xiaodong and Tang, Chengzhou and Yuan, Weihao and Dai, Zuozhuo and Zhu, Siyu and Tan, Ping},
  booktitle={Proceedings of the IEEE/CVF Conference on Computer Vision and Pattern Recognition},
  pages={8216--8226},
  year={2022}
}

@article{Hain21,
  	title	= {Towards markerless surgical tool and hand pose estimation},
  	author	= {Jonas Hein and Matthias Seibold and Federica Bogo and Mazda Farshad and Marc Pollefeys and Philipp F{\"u}rnstahl and Nassir Navab},
  	journal	= {Int J Comput Assist Radiol Surg},
  	year	= {2021},
  	volume	= {16},
  	pages	= {799 - 808}
}

@INPROCEEDINGS{He16,
  author={He, Kaiming and Zhang, Xiangyu and Ren, Shaoqing and Sun, Jian},
  booktitle={2016 IEEE Conference on Computer Vision and Pattern Recognition (CVPR)}, 
  title={Deep Residual Learning for Image Recognition}, 
  year={2016},
  volume={},
  number={},
  pages={770-778},
  doi={10.1109/CVPR.2016.90}
}

@InProceedings{Hermes22,
author    = "Hermes, Niklas
             and Hansen, Lasse
             and Bigalke, Alexander
             and Heinrich, Mattias P.",
editor    = "Maier-Hein, Klaus
             and Deserno, Thomas M.
             and Handels, Heinz
             and Maier, Andreas
             and Palm, Christoph
             and Tolxdorff, Thomas",
title     = "Support Point Sets for Improving Contactless Interaction in Geometric Learning for Hand Pose Estimation",
booktitle = "Bildverarbeitung f{\"u}r die Medizin 2022",
year      = "2022",
publisher = "Springer Fachmedien Wiesbaden",
address   = "Wiesbaden",
pages     = "89--94",
isbn      = "978-3-658-36932-3"
}

@article{Hermes23,
title = {Point cloud-based scene flow estimation on realistically deformable objects: A benchmark of deep learning-based methods},
journal = {Journal of Visual Communication and Image Representation},
volume = {95},
pages = {103893},
year = {2023},
issn = {1047-3203},
doi = {https://doi.org/10.1016/j.jvcir.2023.103893},
url = {https://www.sciencedirect.com/science/article/pii/S1047320323001438},
author = {Niklas Hermes and Alexander Bigalke and Mattias P. Heinrich}
}

@InProceedings{Hermes24,
	author    = {Niklas Hermes and Alexander Bigalke and Mattias P. Heinrich},
	title     = {Incorporating Temporal Information into 3D Hand Pose Estimation using Scene Flow},
	booktitle = {VISAPP - 19th International Conference on Computer Vision Theory and Applications},
	year      = {\noop{2024}in press}
}


@article{Horn81,
title = {Determining optical flow},
journal = {Artificial Intelligence},
volume = {17},
number = {1},
pages = {185-203},
year = {1981},
issn = {0004-3702},
doi = {https://doi.org/10.1016/0004-3702(81)90024-2},
url = {https://www.sciencedirect.com/science/article/pii/0004370281900242},
author = {Berthold K.P. Horn and Brian G. Schunck}
}

@InProceedings{Hossain18,
author = {Hossain, Mir Rayat Imtiaz and Little, James J.},
title = {Exploiting temporal information for 3D human pose estimation},
booktitle = {Proceedings of the European Conference on Computer Vision (ECCV)},
month = {September},
year = {2018}
}

@InProceedings{Hou19,
author="Hou, Jingxuan
and Wang, Guijin
and Chen, Xinghao
and Xue, Jing-Hao
and Zhu, Rui
and Yang, Huazhong",
editor="Leal-Taix{\'e}, Laura
and Roth, Stefan",
title="Spatial-Temporal Attention Res-TCN for Skeleton-Based Dynamic Hand Gesture Recognition",
booktitle="Computer Vision -- ECCV 2018 Workshops",
year="2019",
publisher="Springer International Publishing",
address="Cham",
pages="273--286",
isbn="978-3-030-11024-6"
}


@INPROCEEDINGS {Hu21,
author = {T. Hu and G. Lin and Z. Han and M. Zwicker},
booktitle = {2021 IEEE Winter Conference on Applications of Computer Vision (WACV)},
title = {Learning to Generate Dense Point Clouds with Textures on Multiple Categories},
year = {2021},
volume = {},
issn = {},
pages = {2169-2178},
doi = {10.1109/WACV48630.2021.00222},
url = {https://doi.ieeecomputersociety.org/10.1109/WACV48630.2021.00222},
publisher = {IEEE Computer Society},
address = {Los Alamitos, CA, USA},
month = {jan}
}

@InProceedings{Hur20,
author = {Hur, Junhwa and Roth, Stefan},
title = {Self-Supervised Monocular Scene Flow Estimation},
booktitle = {Proceedings of the IEEE/CVF Conference on Computer Vision and Pattern Recognition (CVPR)},
month = {June},
year = {2020}
}

@inproceedings{Hur21,
  Author = {Junhwa Hur and Stefan Roth},  
  Booktitle = {CVPR},  
  Title = {Self-Supervised Multi-Frame Monocular Scene Flow},  
  Year = {2021}  
}

@inproceedings{Ioffe15, 
   author = {Ioffe, Sergey and Szegedy, Christian}, 
   title = {Batch Normalization: Accelerating Deep Network Training by Reducing Internal Covariate Shift}, 
   year = {2015}, 
   publisher = {JMLR.org}, 
   booktitle = {Proceedings of the 32nd International Conference on International Conference on Machine Learning - Volume 37}, 
   pages = {448–456},
    numpages = {9}, 
	location = {Lille, France}, 
	series = {ICML'15} 
}

@INPROCEEDINGS{Jin22,
  author={Jin, Zhao and Lei, Yinjie and Akhtar, Naveed and Li, Haifeng and Hayat, Munawar},
  booktitle={2022 IEEE/CVF Conference on Computer Vision and Pattern Recognition (CVPR)}, 
  title={Deformation and Correspondence Aware Unsupervised Synthetic-to-Real Scene Flow Estimation for Point Clouds}, 
  year={2022},
  volume={},
  number={},
  pages={7223-7233},
  doi={10.1109/CVPR52688.2022.00709}
}

@Article{Kanis23,
AUTHOR = {Kanis, Jakub and Gruber, Ivan and Krňoul, Zdeněk and Boháček, Matyáš and Straka, Jakub and Hrúz, Marek},
TITLE = {MuTr: Multi-Stage Transformer for Hand Pose Estimation from Full-Scene Depth Image},
JOURNAL = {Sensors},
VOLUME = {23},
YEAR = {2023},
NUMBER = {12},
ARTICLE-NUMBER = {5509},
URL = {https://www.mdpi.com/1424-8220/23/12/5509},
PubMedID = {37420676},
ISSN = {1424-8220},
DOI = {10.3390/s23125509}
}

@misc{Kingma14,
  title={Adam: A Method for Stochastic Optimization},
  author={Diederik P. Kingma and Jimmy Ba},
  journal={CoRR},
  year={2014},
  volume={abs/1412.6980}
}

@article{Kulandairaj16,
  title={Hand posture and gesture recognition techniques for virtual reality applications: a survey},
  author={Kulandairaj Martin Sagayam and D. Jude Hemanth},
  journal={Virtual Reality},
  year={2016},
  volume={21},
  pages={91 - 107}
}

@inproceedings{Lenman02, 
author = {Lenman, S\"{o}ren and Bretzner, Lars and Thuresson, Bj\"{o}rn}, 
title = {Using Marking Menus to Develop Command Sets for Computer Vision Based Hand Gesture Interfaces},
 year = {2002}, 
 isbn = {1581136161}, 
 publisher = {Association for Computing Machinery}, 
 address = {New York, NY, USA}, url = {https://doi.org/10.1145/572020.572055}, 
 doi = {10.1145/572020.572055}, 
 booktitle = {Proceedings of the Second Nordic Conference on Human-Computer Interaction},
  pages = {239–242}, 
  numpages = {4}, 
  location = {Aarhus, Denmark}, 
  series = {NordiCHI '02} 
}

@INPROCEEDINGS{Lenz11,
  author={Lenz, Philip and Ziegler, Julius and Geiger, Andreas and Roser, Martin},
  booktitle={2011 IEEE Intelligent Vehicles Symposium (IV)}, 
  title={Sparse scene flow segmentation for moving object detection in urban environments}, 
  year={2011},
  volume={},
  number={},
  pages={926-932},
  doi={10.1109/IVS.2011.5940558}
}

@misc{Things4D,
    title={4dcomplete: Non-rigid motion estimation beyond the observable surface.}, 
    author={Yang Li and Hikari Takehara and Takafumi Taketomi and Bo Zheng and Matthias Nießner},
    journal={IEEE International Conference on Computer Vision (ICCV)},
    year={2021}
}

@inbook{Lhommet14,
author = {Lhommet, Margot and Marsella, Stacy},
year = {2014},
month = {12},
pages = {273-285},
title = {Expressing Emotion Through Posture},
journal = {The Oxford Handbook of Affective Computing}
}

@InProceedings{Li15,
author = {Li, Peiyi and Ling, Haibin and Li, Xi and Liao, Chunyuan},
title = {3D Hand Pose Estimation Using Randomized Decision Forest With Segmentation Index Points},
booktitle = {Proceedings of the IEEE International Conference on Computer Vision (ICCV)},
month = {December},
year = {2015}
}

@misc{Li19,
  doi = {10.48550/ARXIV.1902.05399},
  author = {Li, Yuelong and Tofighi, Mohammad and Monga, Vishal and Eldar, Yonina C.},
  title = {An Algorithm Unrolling Approach to Deep Image Deblurring},
  publisher = {arXiv},
  year = {2019},
  copyright = {arXiv.org perpetual, non-exclusive license}
}

@inproceedings{Li19_2,
  title={Point-to-pose voting based hand pose estimation using residual permutation equivariant layer},
  author={Li, Shile and Lee, Dongheui},
  booktitle={Proceedings of the IEEE/CVF conference on computer vision and pattern recognition},
  pages={11927--11936},
  year={2019}
}

@article{Li19_3,
author = {Li, Yong and He, Zihang and Ye, Xiang and He, Zuguo and Han, Kangrong},
year = {2019},
month = {09},
pages = {},
title = {Spatial temporal graph convolutional networks for skeleton-based dynamic hand gesture recognition},
volume = {2019},
journal = {EURASIP Journal on Image and Video Processing},
doi = {10.1186/s13640-019-0476-x}
}

@article{Li19_4,
title = {Gesture interaction in virtual reality},
journal = {Virtual Reality \& Intelligent Hardware},
volume = {1},
number = {1},
pages = {84-112},
year = {2019},
issn = {2096-5796},
doi = {https://doi.org/10.3724/SP.J.2096-5796.2018.0006},
author = {Li, Yang and Huang, Jin  and Tian, Feng and Wang, Hong-An and Dai, Guo-Zhong}
}

@inproceedings{Li21,
author = {R. Li and G. Lin and T. He and F. Liu and C. Shen},
booktitle = {2021 IEEE/CVF Conference on Computer Vision and Pattern Recognition (CVPR)},
title = {HCRF-Flow: Scene Flow from Point Clouds with Continuous High-order CRFs and Position-aware Flow Embedding},
year = {2021},
volume = {},
issn = {},
pages = {364-373},
doi = {10.1109/CVPR46437.2021.00043},
url = {https://doi.ieeecomputersociety.org/10.1109/CVPR46437.2021.00043},
publisher = {IEEE Computer Society},
address = {Los Alamitos, CA, USA},
month = {jun}
}

@article{Li21_2, 
    title={Lepard: Learning partial point cloud matching in rigid and deformable scenes.}, 
    author={Yang Li and Tatsuya Harada},
    journal={IEEE/CVF Conference on Computer Vision and Pattern Recognition (CVPR)},
    year={2022}
}

@article{Lin21,
title = {Three-dimensional reconstruction of guava fruits and branches using instance segmentation and geometry analysis},
journal = {Computers and Electronics in Agriculture},
volume = {184},
pages = {106107},
year = {2021},
issn = {0168-1699},
doi = {https://doi.org/10.1016/j.compag.2021.106107},
url = {https://www.sciencedirect.com/science/article/pii/S0168169921001253},
author = {Guichao Lin and Yunchao Tang and Xiangjun Zou and Chenglin Wang},
}

% FlowNet3D
@article{Liu18,
title={FlowNet3D: Learning Scene Flow in 3D Point Clouds},
      author={Liu, Xingyu and Qi, Charles R and Guibas, Leonidas J},
      journal={CVPR},
      year={2019}
}

@inproceedings{Liu19,
title={MeteorNet: Deep Learning on Dynamic 3D Point Cloud Sequences}, 
author={Xingyu Liu and Mengyuan Yan and Jeannette Bohg}, 
booktitle={ICCV}, 
year={2019} 
}

@InProceedings{Liu19_2,
author = {Liu, Xingyu and Qi, Charles R. and Guibas, Leonidas J.},
title = {FlowNet3D: Learning Scene Flow in 3D Point Clouds},
booktitle = {Proceedings of the IEEE/CVF Conference on Computer Vision and Pattern Recognition (CVPR)},
month = {June},
year = {2019}
}

@article{Liu20,
  title = {A survey on deep learning methods for scene flow estimation},
  journal = {Pattern Recognition},
  volume = {106},
  pages = {107378},
  year = {2020},
  issn = {0031-3203},
  doi = {https://doi.org/10.1016/j.patcog.2020.107378},
  url = {https://www.sciencedirect.com/science/article/pii/S0031320320301813},
  author = {Jiajie Liu and Han Li and Ruihong Wu and Qingyun Zhao and Yiyou Guo and Long Chen}
}

@INPROCEEDINGS{Liu20_2,
  author={Liu, Jianbo and Liu, Yongcheng and Wang, Ying and Prinet, Véronique and Xiang, Shiming and Pan, Chunhong},
  booktitle={2020 IEEE/CVF Conference on Computer Vision and Pattern Recognition (CVPR)}, 
  title={Decoupled Representation Learning for Skeleton-Based Gesture Recognition}, 
  year={2020},
  volume={},
  number={},
  pages={5750-5759},
  doi={10.1109/CVPR42600.2020.00579}
}

@ARTICLE{Liu21,
AUTHOR={Liu, XiaoLe and Yu, Si-yang and Flierman, Nico A. and Loyola, Sebastián and Kamermans, Maarten and Hoogland, Tycho M. and De Zeeuw, Chris I.},    
TITLE={OptiFlex: Multi-Frame Animal Pose Estimation Combining Deep Learning With Optical Flow},      
JOURNAL={Frontiers in Cellular Neuroscience},      
VOLUME={15},           
YEAR={2021},        
URL={https://www.frontiersin.org/articles/10.3389/fncel.2021.621252},       
DOI={10.3389/fncel.2021.621252},      
ISSN={1662-5102}
}

@article{Liu23,
author = {Liu, Jinfu and Wang, Xinshun and Wang, Can and Gao, Yuan and Liu, Mengyuan},
year = {2023},
month = {01},
pages = {1-13},
title = {Temporal Decoupling Graph Convolutional Network for Skeleton-based Gesture Recognition},
volume = {PP},
journal = {IEEE Transactions on Multimedia},
doi = {10.1109/TMM.2023.3271811}
}

@article{Loper15,
  author = {Loper, Matthew and Mahmood, Naureen and Romero, Javier and Pons-Moll, Gerard and Black, Michael J.},
  title = {{SMPL}: A Skinned Multi-Person Linear Model},
  journal = {ACM Trans. Graphics (Proc. SIGGRAPH Asia)},
  month = {oct},
  number = {6},
  pages = {248:1--248:16},
  publisher = {ACM},
  volume = {34},
  year = {2015}
}

@ARTICLE{Ma11,
  author={Ma, Yinghong and Mao, Zhi-Hong and Jia, Wenyan and Li, Chengliu and Yang, Jiawei and Sun, Mingui},
  journal={IEEE Transactions on Magnetics}, 
  title={Magnetic Hand Tracking for Human-Computer Interface}, 
  year={2011},
  volume={47},
  number={5},
  pages={970-973},
  doi={10.1109/TMAG.2010.2076401}
}

@Article{Malik19,
AUTHOR = {Malik, Jameel and Elhayek, Ahmed and Stricker, Didier},
TITLE = {WHSP-Net: A Weakly-Supervised Approach for 3D Hand Shape and Pose Recovery from a Single Depth Image},
JOURNAL = {Sensors},
VOLUME = {19},
YEAR = {2019},
NUMBER = {17},
ARTICLE-NUMBER = {3784},
URL = {https://www.mdpi.com/1424-8220/19/17/3784},
PubMedID = {31480461},
ISSN = {1424-8220},
DOI = {10.3390/s19173784}
}

@article{Maretic19,
author = {Maretic, Hermina Petric and El Gheche, Mireille and Chierchia, Giovanni and Frossard, Pascal}, 
title = {GOT: An Optimal Transport Framework for Graph Comparison}, 
year = {2019}, 
publisher = {Curran Associates Inc.}, 
address = {Red Hook, NY, USA},
booktitle = {Proceedings of the 33rd International Conference on Neural Information Processing Systems}, 
articleno = {1245}, 
numpages = {12}
}

% FlyingThings3D
@inproceedings{Mayer15,
author={Mayer, Nikolaus and Ilg, Eddy and Häusser, Philip and Fischer, Philipp and Cremers, Daniel and Dosovitskiy, Alexey and Brox, Thomas},
  booktitle={2016 IEEE Conference on Computer Vision and Pattern Recognition (CVPR)}, 
  title={A Large Dataset to Train Convolutional Networks for Disparity, Optical Flow, and Scene Flow Estimation}, 
  year={2016},
  volume={},
  number={},
  pages={4040-4048},
  doi={10.1109/CVPR.2016.438}
}

% KITTI
@inproceedings{Menze15,
  author = {Moritz Menze and Christian Heipke and Andreas Geiger},
  title = {Joint 3D Estimation of Vehicles and Scene Flow},
  booktitle = {ISPRS Workshop on Image Sequence Analysis (ISA)},
  year = {2015}
}

@article{Menze18,
  author = {Moritz Menze and Christian Heipke and Andreas Geiger},
  title = {Object Scene Flow},
  journal = {ISPRS Journal of Photogrammetry and Remote Sensing (JPRS)},
  year = {2018}
} 

@InProceedings{Min20,
author = {Min, Yuecong and Zhang, Yanxiao and Chai, Xiujuan and Chen, Xilin},
title = {An Efficient PointLSTM for Point Clouds Based Gesture Recognition},
booktitle = {Proceedings of the IEEE/CVF Conference on Computer Vision and Pattern Recognition (CVPR)},
month = {June},
year = {2020}
}

@InProceedings{Mittal20,
author = {Mittal, Himangi and Okorn, Brian and Held, David},
title = {Just Go With the Flow: Self-Supervised Scene Flow Estimation},
booktitle = {Proceedings of the IEEE/CVF Conference on Computer Vision and Pattern Recognition (CVPR)},
month = {June},
year = {2020}
}

@INPROCEEDINGS{Molchanov15,
  author={Molchanov, Pavlo and Gupta, Shalini and Kim, Kihwan and Kautz, Jan},
  booktitle={2015 IEEE Conference on Computer Vision and Pattern Recognition Workshops (CVPRW)}, 
  title={Hand gesture recognition with 3D convolutional neural networks}, 
  year={2015},
  volume={},
  number={},
  pages={1-7},
  doi={10.1109/CVPRW.2015.7301342}
}

@article{Monga19,
  author={Monga, Vishal and Li, Yuelong and Eldar, Yonina C.},
  journal={IEEE Signal Processing Magazine}, 
  title={Algorithm Unrolling: Interpretable, Efficient Deep Learning for Signal and Image Processing}, 
  year={2021},
  volume={38},
  number={2},
  pages={18-44},
  doi={10.1109/MSP.2020.3016905}
}

@InProceedings{Moon18,
author = {Moon, Gyeongsik and Chang, Juyong and Lee, Kyoung Mu},
title = {V2V-PoseNet: Voxel-to-Voxel Prediction Network for Accurate 3D Hand and Human Pose Estimation from a Single Depth Map},
booktitle = {The IEEE Conference on Computer Vision and Pattern Recognition (CVPR)},
year = {2018}
}

@ARTICLE{Myronenko10,
  author={Myronenko, Andriy and Song, Xubo},
  journal={IEEE Transactions on Pattern Analysis and Machine Intelligence}, 
  title={Point Set Registration: Coherent Point Drift}, 
  year={2010},
  volume={32},
  number={12},
  pages={2262-2275},
  doi={10.1109/TPAMI.2010.46}
}

@InProceedings{Nielsen04,
author="Nielsen, Michael
and St{\"o}rring, Moritz
and Moeslund, Thomas B.
and Granum, Erik",
editor="Camurri, Antonio
and Volpe, Gualtiero",
title="A Procedure for Developing Intuitive and Ergonomic Gesture Interfaces for HCI",
booktitle="Gesture-Based Communication in Human-Computer Interaction",
year="2004",
publisher="Springer Berlin Heidelberg",
address="Berlin, Heidelberg",
pages="409--420"
}

@article{Oberweger15,
	author  = {Oberweger, Markus and Wohlhart, Paul and Lepetit, Vincent},
	eprint  = {1502.06807},
	number  = {July},
	journal = {CoRR},
	volume  = {abs/1502.06807},
	title   = {{Hands deep in deep learning for hand pose estimation}},
	year    = {2015}
}

@article{Oberweger17,
  author       = {Markus Oberweger and
                  Vincent Lepetit},
  title        = {DeepPrior++: Improving Fast and Accurate 3D Hand Pose Estimation},
  journal      = {CoRR},
  volume       = {abs/1708.08325},
  year         = {2017},
  url          = {http://arxiv.org/abs/1708.08325},
  eprinttype    = {arXiv},
  eprint       = {1708.08325},
  timestamp    = {Mon, 13 Aug 2018 16:47:01 +0200},
  biburl       = {https://dblp.org/rec/journals/corr/abs-1708-08325.bib},
  bibsource    = {dblp computer science bibliography, https://dblp.org}
}


@article{Ohnbar14,
  title={Hand gesture recognition in real time for automotive interfaces: A multimodal vision-based approach and evaluations},
  author={Ohn-Bar, Eshed and Trivedi, Mohan Manubhai},
  journal={IEEE transactions on intelligent transportation systems},
  volume={15},
  number={6},
  pages={2368--2377},
  year={2014},
  publisher={IEEE}
}

@Article{Oudah20,
AUTHOR = {Oudah, Munir and Al-Naji, Ali and Chahl, Javaan},
TITLE = {Hand Gesture Recognition Based on Computer Vision: A Review of Techniques},
JOURNAL = {Journal of Imaging},
VOLUME = {6},
YEAR = {2020},
NUMBER = {8},
ARTICLE-NUMBER = {73},
URL = {https://www.mdpi.com/2313-433X/6/8/73},
PubMedID = {34460688},
ISSN = {2313-433X},
DOI = {10.3390/jimaging6080073}
}





@INPROCEEDINGS{Owoyemi18,
  author={Owoyemi, Joshua and Hashimoto, Koichi},
  booktitle={2018 IEEE International Conference on Robotics and Automation (ICRA)}, 
  title={Spatiotemporal Learning of Dynamic Gestures from 3D Point Cloud Data}, 
  year={2018},
  volume={},
  number={},
  pages={5929-5934},
  doi={10.1109/ICRA.2018.8460910}
}

@article{Pavllo18,
  author       = {Dario Pavllo and
                  Christoph Feichtenhofer and
                  David Grangier and
                  Michael Auli},
  title        = {3D human pose estimation in video with temporal convolutions and semi-supervised
                  training},
  journal      = {CoRR},
  volume       = {abs/1811.11742},
  year         = {2018},
  url          = {http://arxiv.org/abs/1811.11742},
  eprinttype    = {arXiv},
  eprint       = {1811.11742},
  timestamp    = {Fri, 30 Nov 2018 12:44:28 +0100},
  biburl       = {https://dblp.org/rec/journals/corr/abs-1811-11742.bib},
  bibsource    = {dblp computer science bibliography, https://dblp.org}
}

@InProceedings{Pfister15,
author = {Pfister, Tomas and Charles, James and Zisserman, Andrew},
title = {Flowing ConvNets for Human Pose Estimation in Videos},
booktitle = {Proceedings of the IEEE International Conference on Computer Vision (ICCV)},
month = {December},
year = {2015}
}

@INPROCEEDINGS{Pickering07,
  author={Pickering, Carl A. and Burnham, Keith J. and Richardson, Michael J.},
  booktitle={2007 3rd Institution of Engineering and Technology Conference on Automotive Electronics}, 
  title={A Research Study of Hand Gesture Recognition Technologies and Applications for Human Vehicle Interaction}, 
  year={2007},
  pages={1-15}
}

@article{Poier18,
  author       = {Georg Poier and
                  Michael Opitz and
                  David Schinagl and
                  Horst Bischof},
  title        = {{MURAUER:} Mapping Unlabeled Real Data for Label AUstERity},
  journal      = {CoRR},
  volume       = {abs/1811.09497},
  year         = {2018},
  url          = {http://arxiv.org/abs/1811.09497},
  eprinttype    = {arXiv},
  eprint       = {1811.09497},
  timestamp    = {Sat, 23 Jan 2021 01:19:39 +0100},
  biburl       = {https://dblp.org/rec/journals/corr/abs-1811-09497.bib},
  bibsource    = {dblp computer science bibliography, https://dblp.org}
}

@inproceedings{Poiesi21,
  title = {Learning general and distinctive 3D local deep descriptors for point cloud registration},
  author = {Poiesi, Fabio and Boscaini, Davide},
  booktitle = {IEEE Trans. on Pattern Analysis and Machine Intelligence},
  year = {(early access) 2022}
}

% FLOT
@inproceedings{Puy20,
 title={{FLOT}: {S}cene {F}low on {P}oint {C}louds {G}uided by {O}ptimal {T}ransport},
  author={Puy, Gilles and Boulch, Alexandre and Marlet, Renaud},
  booktitle={European Conference on Computer Vision},
  year={2020}
}

@article{Qi16,
  author    = {Charles Ruizhongtai Qi and
               Hao Su and
               Kaichun Mo and
               Leonidas J. Guibas},
  title     = {PointNet: Deep learning on point sets for 3D classification and segmentation},
  journal   = {CoRR},
  volume    = {abs/1612.00593},
  year      = {2016},
  eprint    = {1612.00593},
  timestamp = {Wed, 11 Nov 2020 08:48:10 +0100},
  biburl    = {https://dblp.org/rec/journals/corr/QiSMG16.bib},
  bibsource = {dblp computer science bibliography, https://dblp.org}
}

@article{Qi17,
  author    = {Charles Ruizhongtai Qi and
               Li Yi and
               Hao Su and
               Leonidas J. Guibas},
  title     = {PointNet++: Deep Hierarchical Feature Learning on Point Sets in a
               Metric Space},
  journal   = {CoRR},
  volume    = {abs/1706.02413},
  year      = {2017},
  url       = {http://arxiv.org/abs/1706.02413},
  eprinttype = {arXiv},
  eprint    = {1706.02413},
  timestamp = {Wed, 11 Nov 2020 08:48:08 +0100},
  biburl    = {https://dblp.org/rec/journals/corr/QiYSG17.bib},
  bibsource = {dblp computer science bibliography, https://dblp.org}
}

@ARTICLE{Quek96,
  author={Quek, F.K.H.},
  journal={IEEE MultiMedia}, 
  title={Unencumbered gestural interaction}, 
  year={1996},
  volume={3},
  number={4},
  pages={36-47},
  doi={10.1109/93.556459}
}

@Article{Rantamaa23,
AUTHOR = {Rantamaa, Hanna-Riikka and Kangas, Jari and Kumar, Sriram Kishore and Mehtonen, Helena and Järnstedt, Jorma and Raisamo, Roope},
TITLE = {Comparison of a VR Stylus with a Controller, Hand Tracking, and a Mouse for Object Manipulation and Medical Marking Tasks in Virtual Reality},
JOURNAL = {Applied Sciences},
VOLUME = {13},
YEAR = {2023},
NUMBER = {4},
ARTICLE-NUMBER = {2251},
URL = {https://www.mdpi.com/2076-3417/13/4/2251},
ISSN = {2076-3417},
DOI = {10.3390/app13042251}
}

@inproceedings{Reifinger07,
  title={Static and dynamic hand-gesture recognition for augmented reality applications},
  author={Reifinger, Stefan and Wallhoff, Frank and Ablassmeier, Markus and Poitschke, Tony and Rigoll, Gerhard},
  booktitle={Human-Computer Interaction. HCI Intelligent Multimodal Interaction Environments: 12th International Conference, HCI International 2007, Beijing, China, July 22-27, 2007, Proceedings, Part III 12},
  pages={728--737},
  year={2007},
  organization={Springer}
}

@article{Rezaei23,
  title={TriHorn-Net: A model for accurate depth-based 3D hand pose estimation},
  author={Rezaei, Mohammad and Rastgoo, Razieh and Athitsos, Vassilis},
  journal={Expert Systems with Applications},
  pages={119922},
  year={2023},
  publisher={Elsevier}
}

@misc{Sarode19,
  doi = {10.48550/ARXIV.1908.07906},
  url = {https://arxiv.org/abs/1908.07906},
  author = {Sarode, Vinit and Li, Xueqian and Goforth, Hunter and Aoki, Yasuhiro and Srivatsan, Rangaprasad Arun and Lucey, Simon and Choset, Howie},
  title = {PCRNet: Point Cloud Registration Network using PointNet Encoding},
  publisher = {arXiv},
  year = {2019},
  copyright = {arXiv.org perpetual, non-exclusive license}
}

@article{Schwarz12,
title = {Human skeleton tracking from depth data using geodesic distances and optical flow},
journal = {Image and Vision Computing},
volume = {30},
number = {3},
pages = {217-226},
year = {2012},
note = {Best of Automatic Face and Gesture Recognition 2011},
issn = {0262-8856},
doi = {https://doi.org/10.1016/j.imavis.2011.12.001},
url = {https://www.sciencedirect.com/science/article/pii/S026288561100134X},
author = {Loren Arthur Schwarz and Artashes Mkhitaryan and Diana Mateus and Nassir Navab}
}

@misc{Shen21,
  doi = {10.48550/ARXIV.2111.00648},
  url = {https://arxiv.org/abs/2111.00648},
  author = {Shen, Zhengyang and Feydy, Jean and Liu, Peirong and Curiale, Ariel Hernán and Estepar, Ruben San Jose and Estepar, Raul San Jose and Niethammer, Marc},
  title = {Accurate Point Cloud Registration with Robust Optimal Transport},
  publisher = {arXiv},
  year = {2021},
  copyright = {Creative Commons Attribution Non Commercial Share Alike 4.0 International}
}

@inproceedings{Shi20,  
      title     = {Decoupled Spatial-Temporal Attention Network for Skeleton-Based Action-Gesture Recognition},  
      author    = {Lei Shi and Yifan Zhang and Jian Cheng and Hanqing Lu},  
      booktitle = {ACCV},  
      year      = {2020},  
}

#DHG
@INPROCEEDINGS{Smedt16,
  author={De Smedt, Quentin and Wannous, Hazem and Vandeborre, Jean-Philippe},
  booktitle={2016 IEEE Conference on Computer Vision and Pattern Recognition Workshops (CVPRW)}, 
  title={Skeleton-Based Dynamic Hand Gesture Recognition}, 
  year={2016},
  volume={},
  number={},
  pages={1206-1214},
  doi={10.1109/CVPRW.2016.153}
}

@inproceedings{Smedt17,
  TITLE = {{SHREC'17 Track: 3D Hand Gesture Recognition Using a Depth and Skeletal Dataset}},
  AUTHOR = {De Smedt, Quentin and Wannous, Hazem and Vandeborre, Jean-Philippe and Guerry, Joris and Le Saux, Bertrand and Filliat, David},
  URL = {https://hal.science/hal-01563505},
  BOOKTITLE = {{3DOR - 10th Eurographics Workshop on 3D Object Retrieval}},
  ADDRESS = {Lyon, France},
  EDITOR = {I. Pratikakis and F. Dupont and M. Ovsjanikov},
  PAGES = {1-6},
  YEAR = {2017},
  MONTH = {Apr},
  DOI = {10.2312/3dor.20171049},
  HAL_ID = {hal-01563505},
  HAL_VERSION = {v1},
}

@INPROCEEDINGS{Stiefmeier06,
  author={Stiefmeier, Thomas and Ogris, Georg and Junker, Holger and Lukowicz, Paul and Troster, Gerhard},
  booktitle={2006 10th IEEE International Symposium on Wearable Computers}, 
  title={Combining Motion Sensors and Ultrasonic Hands Tracking for Continuous Activity Recognition in a Maintenance Scenario}, 
  year={2006},
  volume={},
  number={},
  pages={97-104},
  doi={10.1109/ISWC.2006.286350}
}

@INPROCEEDINGS{Sun15,
author={Sun, Xiao and Wei, Yichen and Shuang Liang and Tang, Xiaoou and Sun, Jian},
booktitle={2015 IEEE Conference on Computer Vision and Pattern Recognition (CVPR)}, 
title={Cascaded hand pose regression}, 
year={2015},
volume={},
number={},
pages={824-832},
doi={10.1109/CVPR.2015.7298683}
}

@inproceedings{Sun17,
  author    = {Deqing Sun and Xiaodong Yang and Ming-Yu Liu and Jan Kautz},
  title     = {{PWC-Net}: {CNNs} for Optical Flow Using Pyramid, Warping, and Cost Volume},
  booktitle = {CVPR},
  year      = {2018}
}

@article{Sun18,
  author       = {Xiao Sun and
                  Chuankang Li and
                  Stephen Lin},
  title        = {Explicit Pose Deformation Learning for Tracking Human Poses},
  journal      = {CoRR},
  volume       = {abs/1811.07123},
  year         = {2018},
  url          = {http://arxiv.org/abs/1811.07123},
  eprinttype    = {arXiv},
  eprint       = {1811.07123},
  timestamp    = {Thu, 19 May 2022 16:00:58 +0200},
  biburl       = {https://dblp.org/rec/journals/corr/abs-1811-07123.bib},
  bibsource    = {dblp computer science bibliography, https://dblp.org}
}

@inproceedings{Sun19,
author = {P. Sun and H. Kretzschmar and X. Dotiwalla and A. Chouard and V. Patnaik and P. Tsui and J. Guo and Y. Zhou and Y. Chai and B. Caine and V. Vasudevan and W. Han and J. Ngiam and H. Zhao and A. Timofeev and S. Ettinger and M. Krivokon and A. Gao and A. Joshi and Y. Zhang and J. Shlens and Z. Chen and D. Anguelov},
booktitle = {2020 IEEE/CVF Conference on Computer Vision and Pattern Recognition (CVPR)},
title = {Scalability in Perception for Autonomous Driving: Waymo Open Dataset},
year = {2020},
volume = {},
issn = {},
pages = {2443-2451},
doi = {10.1109/CVPR42600.2020.00252},
url = {https://doi.ieeecomputersociety.org/10.1109/CVPR42600.2020.00252},
publisher = {IEEE Computer Society},
address = {Los Alamitos, CA, USA},
month = {jun}
}

@article{Srivastava14,
  author  = {Nitish Srivastava and Geoffrey Hinton and Alex Krizhevsky and Ilya Sutskever and Ruslan Salakhutdinov},
  title   = {Dropout: A Simple Way to Prevent Neural Networks from Overfitting},
  journal = {Journal of Machine Learning Research},
  year    = {2014},
  volume  = {15},
  number  = {56},
  pages   = {1929--1958},
  url     = {http://jmlr.org/papers/v15/srivastava14a.html}
}

@misc{Srivastav18,
	author 	= {Srivastav, Vinkle and Issenhuth, Thibaut and Kadkhodamohammadi, Abdolrahim and De Mathelin, Michel and Gangi, Afshin and Padoy, Nicolas},
	year	= {2018},
	month 	= {08},
	title 	= {MVOR: A multi-view RGB-D operating room dataset for 2D and 3D human pose estimation}
}

@INPROCEEDINGS{Tang14,
  author={Tang, Danhang and Chang, Hyung Jin and Tejani, Alykhan and Kim, Tae-Kyun},
  booktitle={2014 IEEE Conference on Computer Vision and Pattern Recognition}, 
  title={Latent Regression Forest: Structured Estimation of 3D Articulated Hand Posture}, 
  year={2014},
  volume={},
  number={},
  pages={3786-3793},
  doi={10.1109/CVPR.2014.490}
}

@inproceedings{Teed20,
author="Teed, Zachary
and Deng, Jia",
title="RAFT: Recurrent All-Pairs Field Transforms for Optical Flow",
booktitle="Computer Vision -- ECCV 2020",
year="2020",
publisher="Springer International Publishing",
address="Cham",
pages="402--419",
isbn="978-3-030-58536-5"
}

@misc{Tishenko20,
  doi = {10.48550/ARXIV.2009.10467},
  url = {https://arxiv.org/abs/2009.10467},
  author = {Tishchenko, Ivan and Lombardi, Sandro and Oswald, Martin R. and Pollefeys, Marc}, 
  title = {Self-Supervised Learning of Non-Rigid Residual Flow and Ego-Motion},
  publisher = {arXiv},
  year = {2020}
}

@phdthesis{Tokgoz03,
author = {Tokgoz, Asim and Sullivan, Joseph},
year = {2003},
month = {03},
pages = {},
title = {A Hypermedia Representation of a Taxonomy of Usability Characteristics in Virtual Environments},
doi = {10.13140/RG.2.2.24781.69603}
}

% NYU
@article{Tompson14,
  author  = {Jonathan Tompson and Murphy Stein and Yann Lecun and Ken Perlin},
  title   = {Real-Time Continuous Pose Recovery of Human Hands Using Convolutional Networks},
  journal = {ACM Transactions on Graphics},
  year    = {2014},
  month   = {August},
  volume  = {33}
}

% SURREAL
@INPROCEEDINGS{Varol17,
  title     = {Learning from Synthetic Humans},
  author    = {Varol, G{\"u}l and Romero, Javier and Martin, Xavier and Mahmood, Naureen and Black, Michael J. and Laptev, Ivan and Schmid, Cordelia},
  booktitle = {CVPR},
  year      = {2017}
}

@inproceedings{Vaswani17,
 author = {Vaswani, Ashish and Shazeer, Noam and Parmar, Niki and Uszkoreit, Jakob and Jones, Llion and Gomez, Aidan N and Kaiser, \L ukasz and Polosukhin, Illia},
 booktitle = {Advances in Neural Information Processing Systems},
 editor = {I. Guyon and U. Von Luxburg and S. Bengio and H. Wallach and R. Fergus and S. Vishwanathan and R. Garnett},
 pages = {},
 publisher = {Curran Associates, Inc.},
 title = {Attention is All you Need},
 url = {https://proceedings.neurips.cc/paper_files/paper/2017/file/3f5ee243547dee91fbd053c1c4a845aa-Paper.pdf},
 volume = {30},
 year = {2017}
}

@article{Vayer18,
  title =    {Optimal Transport for structured data with application on graphs},
  author =   {Titouan, Vayer and Courty, Nicolas and Tavenard, Romain and Laetitia, Chapel and Flamary, R{\'e}mi},
  booktitle =    {Proceedings of the 36th International Conference on Machine Learning},
  pages =    {6275--6284},
  year =   {2019},
  editor =   {Chaudhuri, Kamalika and Salakhutdinov, Ruslan},
  volume =   {97},
  series =   {Proceedings of Machine Learning Research},
  address =    {Long Beach, California, USA},
  month =    {09--15 Jun},
  publisher =    {PMLR}
}

@INPROCEEDINGS{Vedula99,
  author={Vedula, S. and Baker, S. and Rander, P. and Collins, R. and Kanade, T.},
  booktitle={Proceedings of the Seventh IEEE International Conference on Computer Vision}, 
  title={Three-dimensional scene flow}, 
  year={1999},
  volume={2},
  number={},
  pages={722-729 vol.2},
  doi={10.1109/ICCV.1999.790293}
}

@INPROCEEDINGS{Voigt20,
  author={Voigt-Antons, Jan-Niklas and Kojic, Tanja and Ali, Danish and Möller, Sebastian},
  booktitle={2020 Twelfth International Conference on Quality of Multimedia Experience (QoMEX)}, 
  title={Influence of Hand Tracking as a Way of Interaction in Virtual Reality on User Experience}, 
  year={2020},
  volume={},
  number={},
  pages={1-4},
  doi={10.1109/QoMEX48832.2020.9123085}
}

@inproceedings{Wan17,
author = {Wan, Chengde and Probst, Thomas and {Van Gool}, Luc and Yao, Angela},
booktitle = {Proceedings - 30th IEEE Conference on Computer Vision and Pattern Recognition, CVPR 2017},
doi = {10.1109/CVPR.2017.132},
eprint = {1702.03431},
isbn = {9781538604571},
month = {jul},
pages = {1196--1205},
publisher = {IEEE},
title = {{Crossing nets: Combining gans and vaes with a shared latent space for hand pose estimation}},
volume = {2017-January},
year = {2017}
}

@INPROCEEDINGS{Wan18,
  author={Wan, Chengde and Probst, Thomas and Gool, Luc Van and Yao, Angela},
  booktitle={2018 IEEE/CVF Conference on Computer Vision and Pattern Recognition}, 
  title={Dense 3D Regression for Hand Pose Estimation}, 
  year={2018},
  volume={},
  number={},
  pages={5147-5156},
  doi={10.1109/CVPR.2018.00540}
}

@InProceedings{Wan19,
author = {Wan, Chengde and Probst, Thomas and Gool, Luc Van and Yao, Angela},
title = {Self-Supervised 3D Hand Pose Estimation Through Training by Fitting},
booktitle = {Proceedings of the IEEE/CVF Conference on Computer Vision and Pattern Recognition (CVPR)},
month = {June},
year = {2019}
}

@article{Wang09, 
author = {Wang, Robert Y. and Popovi\'{c}, Jovan}, 
title = {Real-Time Hand-Tracking with a Color Glove}, 
year = {2009}, 
issue_date = {August 2009}, 
publisher = {Association for Computing Machinery}, 
address = {New York, NY, USA}, 
volume = {28}, 
number = {3}, 
issn = {0730-0301}, 
url = {https://doi.org/10.1145/1531326.1531369}, 
doi = {10.1145/1531326.1531369},  
journal = {ACM Trans. Graph.}, 
month = {jul},
articleno = {63}, 
numpages = {8}
}

@article{Wang18,
  author    = {Yue Wang and
               Yongbin Sun and
               Ziwei Liu and
               Sanjay E. Sarma and
               Michael M. Bronstein and
               Justin M. Solomon},
  title     = {Dynamic graph {CNN} for learning on point clouds},
  journal   = {CoRR},
  volume    = {abs/1801.07829},
  year      = {2018},
  eprint    = {1801.07829},
  timestamp = {Thu, 16 Apr 2020 07:55:10 +0200},
  biburl    = {https://dblp.org/rec/journals/corr/abs-1801-07829.bib},
  bibsource = {dblp computer science bibliography, https://dblp.org}
}

@InProceedings{Wang20,
author = {Wang, Zirui and Li, Shuda and Howard-Jenkins, Henry and Prisacariu, Victor and Chen, Min},
title = {FlowNet3D++: Geometric Losses For Deep Scene Flow Estimation},
booktitle = {Proceedings of the IEEE/CVF Winter Conference on Applications of Computer Vision (WACV)},
month = {March},
year = {2020}
}

@InProceedings{Wang21,
    author    = {Wang, Haiyan and Pang, Jiahao and Lodhi, Muhammad A. and Tian, Yingli and Tian, Dong},
    title     = {FESTA: Flow Estimation via Spatial-Temporal Attention for Scene Point Clouds},
    booktitle = {Proceedings of the IEEE/CVF Conference on Computer Vision and Pattern Recognition (CVPR)},
    month     = {June},
    year      = {2021},
    pages     = {14173-14182}
}


@inproceedings{Wang22,
author="Wang, Guangming
and Hu, Yunzhe
and Liu, Zhe
and Zhou, Yiyang
and Tomizuka, Masayoshi
and Zhan, Wei
and Wang, Hesheng",
editor="Avidan, Shai
and Brostow, Gabriel
and Ciss{\'e}, Moustapha
and Farinella, Giovanni Maria
and Hassner, Tal",
title="What Matters for 3D Scene Flow Network",
booktitle="Computer Vision -- ECCV 2022",
year="2022",
publisher="Springer Nature Switzerland",
address="Cham",
pages="38--55"
}

@InProceedings{Wei21,
    author    = {Wei, Yi and Wang, Ziyi and Rao, Yongming and Lu, Jiwen and Zhou, Jie},
    title     = {PV-RAFT: Point-Voxel Correlation Fields for Scene Flow Estimation of Point Clouds},
    booktitle = {Proceedings of the IEEE/CVF Conference on Computer Vision and Pattern Recognition (CVPR)},
    month     = {June},
    year      = {2021},
    pages     = {6954-6963}
}

@INPROCEEDINGS{Wu19,
  author={Wu, Wenxuan and Qi, Zhongang and Fuxin, Li},
  booktitle={2019 IEEE/CVF Conference on Computer Vision and Pattern Recognition (CVPR)}, 
  title={PointConv: Deep Convolutional Networks on 3D Point Clouds}, 
  year={2019},
  volume={},
  number={},
  pages={9613-9622},
  doi={10.1109/CVPR.2019.00985}
}

% PointPWC
@inproceedings{Wu20, 
  title={PointPWC-Net: Cost Volume on Point Clouds for (Self-) Supervised Scene Flow Estimation},
  author={Wu, Wenxuan and Wang, Zhi Yuan and Li, Zhuwen and Liu, Wei and Fuxin, Li},
  booktitle={European Conference on Computer Vision},
  pages={88--107},
  year={2020},
  organization={Springer}
}

@inproceedings{Xiong19,
author = {Xiong, Fu and Zhang, Boshen and Xiao, Yang and Cao, Zhiguo and Yu, Taidong and Zhou Tianyi, Joey and Yuan, Junsong},
title = {A2J: Anchor-to-Joint Regression Network for 3D Articulated Pose Estimation from a Single Depth Image},
booktitle = {Proceedings of the IEEE Conference on International Conference on Computer Vision (ICCV)},
year = {2019}
}

@misc{Xsens,
  title = {Xsens motion capture},
  author = {{Movella Inc}},
  year = {2023},
  howpublished = {\url{https://www.movella.com/products/motion-capture}},
  note = {Accessed: 2023-10-09}
}

@inproceedings{Xu17,
	author    = {Jia Xu and Ren\'e Ranftl and Vladlen Koltun},
	title     = {{Accurate Optical Flow via Direct Cost Volume Processing}},
	booktitle = {CVPR},
	year      = {2017}
}

@INPROCEEDINGS{Xuezhi17,
  author={Xuezhi, Xiang and Ali, Syed Masroor and Zhai, Mingliang and Xiao, Deguang},
  booktitle={2017 29th Chinese Control And Decision Conference (CCDC)}, 
  title={Scene flow estimation methodologies and applications — A review}, 
  year={2017},
  volume={},
  number={},
  pages={5424-5429},
  doi={10.1109/CCDC.2017.7979461}
}

@article{Yair20,
  title={FlowStep3D: Model Unrolling for Self-Supervised Scene Flow Estimation},
  author={Yair Kittenplon and Yonina C. Eldar and Dan Raviv},
  journal={ArXiv},
  year={2020},
  volume={abs/2011.10147}
}

@article{Yan16,
  author    = {Zike Yan and
               Xuezhi Xiang},
  title     = {Scene Flow Estimation: {A} Survey},
  journal   = {CoRR},
  volume    = {abs/1612.02590},
  year      = {2016},
  url       = {http://arxiv.org/abs/1612.02590},
  eprinttype = {arXiv},
  eprint    = {1612.02590}
}

@inproceedings{Yang20,
  author = {Yang, Fan and Wu, Yang and Sakti, Sakriani and Nakamura, Satoshi}, 
  title = {Make Skeleton-Based Action Recognition Model Smaller, Faster and Better}, 
  year = {2020}, 
  isbn = {9781450368414},
  publisher = {Association for Computing Machinery},
  address = {New York, NY, USA}, 
  doi = {10.1145/3338533.3366569}, 
  booktitle = {Proceedings of the ACM Multimedia Asia}, 
  articleno = {31}, 
  numpages = {6}
}

@ARTICLE{Yang22,
  author={Yang, Hao and Yan, Dan and Zhang, Li and Sun, Yunda and Li, Dong and Maybank, Stephen J.},
  journal={IEEE Transactions on Image Processing}, 
  title={Feedback Graph Convolutional Network for Skeleton-Based Action Recognition}, 
  year={2022},
  volume={31},
  number={},
  pages={164-175},
  doi={10.1109/TIP.2021.3129117}
  }
  
@InProceedings{Yuan17,
author = {Yuan, Shanxin and Ye, Qi and Stenger, Bjorn and Jain, Siddhant and Kim, Tae-Kyun},
title = {BigHand2.2M Benchmark: Hand Pose Dataset and State of the Art Analysis},
booktitle = {Proceedings of the IEEE Conference on Computer Vision and Pattern Recognition (CVPR)},
month = {July},
year = {2017}
}
  
@inproceedings{Zhao23, 
	author = {Zhao, Maozheng and Pierce, Alec M and Tan, Ran and Zhang, Ting and Wang, Tianyi and Jonker, Tanya R. and Benko, Hrvoje and Gupta, Aakar}, 
	title = {Gaze Speedup: Eye Gaze Assisted Gesture Typing in Virtual Reality}, year = {2023}, isbn = {9798400701061}, 
	publisher = {Association for Computing Machinery}, address = {New York, NY, USA}, url = {https://doi.org/10.1145/3581641.3584072}, 
	doi = {10.1145/3581641.3584072}, 
	booktitle = {Proceedings of the 28th International Conference on Intelligent User Interfaces}, 
	pages = {595–606}, 
	numpages = {12}, 
	location = {Sydney, NSW, Australia}, 
	series = {IUI '23} 
}

@article{Zhai21,
  title = {Optical flow and scene flow estimation: A survey},
  journal = {Pattern Recognition},
  volume = {114},
  pages = {107861},
  year = {2021},
  issn = {0031-3203},
  doi = {https://doi.org/10.1016/j.patcog.2021.107861},
  url = {https://www.sciencedirect.com/science/article/pii/S0031320321000480},
  author = {Mingliang Zhai and Xuezhi Xiang and Ning Lv and Xiangdong Kong}
}

@article{Zhang20,
  title={HandAugment: A Simple Data Augmentation Method for Depth-Based 3D Hand Pose Estimation},
  author={Zhang, Zhaohui and Xie, Shipeng and Chen, Mingxiu and Zhu, Haichao},
  journal={arXiv},
  pages={arXiv--2001},
  year={2020}
}

@article{Zhang20,
author = {Zhang, Wei and Lin, Zeyi and Cheng, Jian and Ma, Cuixia and Deng, Xiaoming and Wang, Hongan},
title = {STA-GCN: Two-Stream Graph Convolutional Network with Spatial–Temporal Attention for Hand Gesture Recognition},
year = {2020},
issue_date = {Oct 2020},
publisher = {Springer-Verlag},
address = {Berlin, Heidelberg},
volume = {36},
number = {10–12},
issn = {0178-2789},
url = {https://doi.org/10.1007/s00371-020-01955-w},
doi = {10.1007/s00371-020-01955-w},
journal = {Vis. Comput.},
month = {oct},
pages = {2433–2444},
numpages = {12}
}

@InProceedings{Zhang22,
    author    = {Zhang, Jinlu and Tu, Zhigang and Yang, Jianyu and Chen, Yujin and Yuan, Junsong},
    title     = {MixSTE: Seq2seq Mixed Spatio-Temporal Encoder for 3D Human Pose Estimation in Video},
    booktitle = {Proceedings of the IEEE/CVF Conference on Computer Vision and Pattern Recognition (CVPR)},
    month     = {June},
    year      = {2022},
    pages     = {13232-13242}
}

@inproceedings{Zhao21,
  title={Point transformer},
  author={Zhao, Hengshuang and Jiang, Li and Jia, Jiaya and Torr, Philip HS and Koltun, Vladlen},
  booktitle={Proceedings of the IEEE/CVF International Conference on Computer Vision},
  pages={16259--16268},
  year={2021}
}

@InProceedings{Zheng21,
    author    = {Zheng, Ce and Zhu, Sijie and Mendieta, Matias and Yang, Taojiannan and Chen, Chen and Ding, Zhengming},
    title     = {3D Human Pose Estimation With Spatial and Temporal Transformers},
    booktitle = {Proceedings of the IEEE/CVF International Conference on Computer Vision (ICCV)},
    month     = {October},
    year      = {2021},
    pages     = {11656-11665}
}

@inproceedings{Zhou17,
author = {Y. Zhou and O. Tuzel},
booktitle = {2018 IEEE/CVF Conference on Computer Vision and Pattern Recognition (CVPR)},
title = {VoxelNet: End-to-End Learning for Point Cloud Based 3D Object Detection},
year = {2018},
pages = {4490-4499},
doi = {10.1109/CVPR.2018.00472},
url = {https://doi.ieeecomputersociety.org/10.1109/CVPR.2018.00472},
publisher = {IEEE Computer Society},
address = {Los Alamitos, CA, USA},
month = {jun}
}

@InProceedings{Zhou18,
author="Zhou, Yidan
and Lu, Jian
and Du, Kuo
and Lin, Xiangbo
and Sun, Yi
and Ma, Xiaohong",
editor="Ferrari, Vittorio
and Hebert, Martial
and Sminchisescu, Cristian
and Weiss, Yair",
title="HBE: Hand Branch Ensemble Network for Real-Time 3D Hand Pose Estimation",
booktitle="Computer Vision -- ECCV 2018",
year="2018",
publisher="Springer International Publishing",
address="Cham",
pages="521--536",
isbn="978-3-030-01264-9"
}